% ----------------------------------------
% ----------------------------------------
% Šablon za literaturu - biblatex
% Autor: Miloš D. Petrašinović <mpetrasinovic@mas.bg.ac.rs>
% Masinski fakultet, Univerzitet u Beogradu
% Katedra za vazduhoplovstvo, Struktura letelica
% https://vazmfb.com
% Beograd, 2023
% ----------------------------------------
% ----------------------------------------

@article{petrasinovic22,
  author = {Petrašinović, M.D. and Grbović, A.M. and Petrašinović, D.M. and Petrović, M.G. and Raičević, N.G.},
  title = {Real Coded Mixed Integer Genetic Algorithm for Geometry Optimization of Flight Simulator Mechanism Based on Rotary Stewart Platform},
  journal = {Appl. Sci.},
  volume = {12},
  year = {2022},
  pages = {7085},
  doi = {10.3390/app12177085}
}